<record xmlns="http://www.loc.gov/MARC21/slim" xmlns:xsi="http://www.w3.org/2001/XMLSchema-instance" xsi:schemaLocation="http://www.loc.gov/MARC21/slim http://www.loc.gov/standards/marcxml/schema/MARC21slim.xsd"><leader>00538cz   2200181n  4500</leader><controlfield tag="001">oca00428517 </controlfield><controlfield tag="005">20021106144816.0</controlfield><controlfield tag="008">800528n| acannaab           |a aaa      </controlfield><datafield ind1=" " ind2=" " tag="010"><subfield code="a">n  80046563 </subfield></datafield><datafield ind1=" " ind2=" " tag="040"><subfield code="a">DLC</subfield><subfield code="c">DLC</subfield><subfield code="d">DLC</subfield></datafield><datafield ind1="0" ind2=" " tag="100"><subfield code="a">Quintilian</subfield></datafield><datafield ind1="0" ind2=" " tag="400"><subfield code="a">Quintilianus, Marcus Fabius.</subfield><subfield code="w">nna</subfield></datafield><datafield ind1="0" ind2=" " tag="400"><subfield code="a">Quinctilian</subfield></datafield><datafield ind1="0" ind2=" " tag="400"><subfield code="a">Quintilien</subfield></datafield><datafield ind1="0" ind2=" " tag="400"><subfield code="a">Quintiliano, Marco Fabio</subfield></datafield><datafield ind1="0" ind2=" " tag="400"><subfield code="a">Kvintilijan</subfield></datafield><datafield ind1=" " ind2=" " tag="670"><subfield code="a">His Institutionum oratoriarum libri duodecim, 1549.</subfield></datafield><datafield ind1=" " ind2=" " tag="670"><subfield code="a">Jelić, V. Sterija i Kvintilijan, 1988:</subfield><subfield code="b">t.p. (Kvintilijan)</subfield></datafield></record>